@misc{prodesp,
	title = {Criptografia Pós-Quântica},
	author = {{Prodesp}},
	howpublished = {\url{https://solucoes.prodesp.sp.gov.br/criptografia-pos-quantica/}},
	note = {Acessado em 25 de abril de 2024.}
}
@inproceedings{amorim2020comparaccao,
	title={Uma compara{\c{c}}{\~a}o de desempenho de algoritmos para criptografia p{\'o}s-qu{\^a}ntica},
	author={Amorim, Pedro Rubbioli and Henriques, Marco AA},
	booktitle={Anais Estendidos do XX Simp{\'o}sio Brasileiro em Seguran{\c{c}}a da Informa{\c{c}}{\~a}o e de Sistemas Computacionais},
	pages={256--269},
	year={2020},
	organization={SBC}
}

@phdthesis{de2020esquemas,
	title={Esquemas De Assinatura Digital Lattice-based E Experimenta{\c{c}}{\~a}o De Certificados H{\'\i}bridos Com Criptografia P{\'o}s-qu{\^a}ntica},
	author={de Abreu, Maria Zita Fiqueli},
	year={2020},
	school={Universidade do Minho (Portugal)}
}
@article{misoczki2008criptografia,
	title={Criptografia P{\'o}s-Qu{\^a}ntica com C{\'o}digos Corretores de Erros},
	author={Misoczki, Rafael and Barreto, Paulo SLM},
	journal={VIII Simp{\'o}sio Brasileiro em Seguran{\c{c}}a da Informa{\c{c}}{\~a}o e de Sistemas Computacionais},
	year={2008}
}