@online{webnial2023,
	author = {Webnial},
	title = {Formato de imagens: diferença entre JPEG e PNG},
	year = {2023},
	url = {https://webnial.pt/blog/formato-de-imagens-diferenca-entre-jpeg-e-png/},
	note = {Acesso em: 11 set. 2024}
}

@online{techtudo2023,
	author = {TechTudo},
	title = {Formatos de arquivos de imagem: entenda o que é JPG, GIF, PNG e mais},
	year = {2023},
	url = {https://www.techtudo.com.br/noticias/2023/01/formatos-de-arquivosde-imagem-entenda-o-que-e-jpg-gif-png-e-mais.ghtml},
	note = {Acesso em: 11 set. 2024}
}

@online{aero2024,
	author = {Aero Engenharia},
	title = {O que é Algoritmo de Compressão de Imagem},
	year = {2024},
	url = {https://aeroengenharia.com/glossario/o-que-e-algoritmo-de-compressao-de-imagem/},
	note = {Acesso em: 11 set. 2024}
}

@online{w3c2023,
	author = {World Wide Web Consortium (W3C)},
	title = {Scalable Vector Graphics (SVG) Specification},
	year = {2023},
	url = {https://www.w3.org/TR/SVG2/}
}

@online{mdn2023,
	author = {MDN Web Docs},
	title = {A Comprehensive Guide to SVG},
	year = {2023},
	url = {https://developer.mozilla.org/en-US/docs/Web/SVG},
	note = {Acesso em: 11 set. 2024}
}
