@inproceedings{mitra2017quantum,
	title={Quantum cryptography: Overview, security issues and future challenges},
	author={Mitra, Saptarshi and Jana, Bappaditya and Bhattacharya, Supratim and Pal, Prashnatita and Poray, Jayanta},
	booktitle={2017 4th International Conference on Opto-Electronics and Applied Optics (Optronix)},
	pages={1--7},
	year={2017},
	organization={IEEE}
}


@article{argetsinger2024promise,
	title={The Promise and Peril of Quantum Computing and Its Implications for Cyber Insurance},
	author={Argetsinger, Cameron R},
	journal={Journal of Emerging Issues in Litigation/Winter},
	volume={4},
	number={1},
	pages={65--73},
	year={2024}
}

@article{nandhini2022extensive,
	title={An extensive review on quantum computers},
	author={Nandhini, S and Singh, Harpreet and Akash, UN},
	journal={Advances in Engineering Software},
	volume={174},
	year={2022},
	publisher={Elsevier}
}

@inproceedings{shor1994algorithms,
	title={Algorithms for quantum computation: discrete logarithms and factoring},
	author={Shor, Peter W},
	booktitle={Proceedings 35th annual symposium on foundations of computer science},
	pages={124--134},
	year={1994},
	organization={Ieee}
}

@misc{Callan2024,
	author = {Tim Callan},
	title = {Quantum Computing Trends 2024},
	howpublished = {\url{https://www.siliconrepublic.com/machines/quantum-computing-trends-2024-sectigo-tim-callan}},
	year = {2024},
	note = {Acessado em 05/08/2024}
}

@inproceedings{grover1996fast,
	title={A fast quantum mechanical algorithm for database search},
	author={Grover, Lov K},
	booktitle={Proceedings of the twenty-eighth annual ACM symposium on Theory of computing},
	pages={212--219},
	year={1996}
}

